<?xml version="1.0" encoding="UTF-8"?><collection xmlns="http://www.loc.gov/MARC21/slim"><record><leader>00374nam--2200133-i-4500</leader><controlfield tag="001">000036714</controlfield><controlfield tag="002">20161230</controlfield><controlfield tag="005">20161230201041</controlfield><controlfield tag="008">060222s1000------------r-----000-0-eng-d</controlfield><datafield ind1=" " ind2=" " tag="080"><subfield code="a">621.039.56</subfield></datafield><datafield ind1=" " ind2=" " tag="100"><subfield code="a">Plaza-rosado, Heriberto</subfield></datafield><datafield ind1=" " ind2=" " tag="245"><subfield code="a">Coupled reactors kinetics equations. thesis</subfield></datafield><datafield ind1=" " ind2=" " tag="260"><subfield code="a">Ann Arbor, Michigan, Univ.Microfilms, Inc., 1966, Ix + 102p</subfield></datafield><datafield ind1=" " ind2=" " tag="852"><subfield code="a">29633</subfield></datafield></record></collection>